@book{Gothelf2013,
abstract = {User experience (UX) Web design has traditionally been a deliverables-based practice, defined by wireframes, site maps, flow diagrams, content inventories, taxonomies, and mockups. But that tradition is not the best way to serve the user. With this guide, you'll learn that UX is about the experience, not the deliverables.},
author = {Gothelf, Jeff},
address = {Beijing},
booktitle = {Lean UX : applying lean principles to improve user experience},
isbn = {9781449311650},
keywords = {User interfaces (Computer systems) -- Design},
language = {eng},
publisher = {O'Reilly},
series = {The Lean series.},
title = {Lean UX : applying lean principles to improve user experience},
year = {2013}
}

@book{filipova2016learning,
  title={Learning Vue. js 2},
  author={Filipova, Olga},
  year={2016},
  publisher={Packt Publishing Ltd}
}

@book{Norman2013,
author = {Norman, Donald A.},
address = {New York},
booktitle = {The design of everyday things},
edition = {Revised and expanded edition.},
isbn = {9780465003945},
keywords = {Industrial design -- Psychological aspects},
language = {eng},
publisher = {Basic Books},
title = {The design of everyday things},
year = {2013}
}

@online{Nielsen1995,
	author = {Nielsen, Jakob},
	title = {10 Usability Heuristics for User Interface Design},
	year = 1995,
	url = {https://www.nngroup.com/articles/ten-usability-heuristics/},
	urldate = {2019-01-16}
}

@book{Johnson2010,
	author = {Johnson, Jeff},
	address = {Burlington, Massachusetts},
	booktitle = {Designing with the mind in mind : simple guide to understanding user interface design rules},
	isbn = {9780080963020},
	keywords = {Graphical user interfaces (Computer systems)},
	language = {eng},
	publisher = {Morgan Kaufmann Publishers},
	title = {Designing with the mind in mind : simple guide to understanding user interface design rules},
	year = {2010}
}

@online{AppleDesignGuidelines2019,
	author = {Apple},
	title = {Human Interface Guidelines},
	year = 2019,
	url = {https://developer.apple.com/design/human-interface-guidelines/ios/overview/themes/},
	urldate = {2019-01-16}
}

@online{ wiki:Vue,
    author = "{Wikipedia contributors}",
    title = "Vue.js --- {Wikipedia}{,} The Free Encyclopedia",
    year = "2019",
    url = "https://en.wikipedia.org/w/index.php?title=Vue.js&oldid=883864647",
    note = "[Online; accessed 18-February-2019]"
  }


@online{CompaniesUsingVue:online,
	author = {Michał Sajnóg},
	title = {13 Top Companies That Have Trusted Vue.js – Examples of Applications | Netguru Blog on Vue},
	url = {https://www.netguru.com/blog/13-top-companies-that-have-trusted-vue.js-examples-of-applications; http://gfs.sf.net/gerris.pdf},
	month = {03},
	year = {2018},
	note = {02/18/2019}
}

@online{ComparisonVue:online,
author = {Vue contributors},
title = {Comparison with Other Frameworks — Vue.js},
url = {https://vuejs.org/v2/guide/comparison.html},
month = {},
year = {2018},
urldate = {02/18/2019}
}